[
  {
    "__type__": "cc.SceneAsset",
    "_name": "",
    "_objFlags": 0,
    "_native": "",
    "scene": {
      "__id__": 1
    }
  },
  {
    "__type__": "cc.Scene",
    "_objFlags": 0,
    "_parent": null,
    "_children": [
      {
        "__id__": 2
      }
    ],
    "_active": true,
    "_components": [],
    "_prefab": null,
    "_opacity": 255,
    "_color": {
      "__type__": "cc.Color",
      "r": 255,
      "g": 255,
      "b": 255,
      "a": 255
    },
    "_contentSize": {
      "__type__": "cc.Size",
      "width": 0,
      "height": 0
    },
    "_anchorPoint": {
      "__type__": "cc.Vec2",
      "x": 0,
      "y": 0
    },
    "_trs": {
      "__type__": "TypedArray",
      "ctor": "Float64Array",
      "array": [
        0,
        0,
        0,
        0,
        0,
        0,
        1,
        1,
        1,
        1
      ]
    },
    "_is3DNode": true,
    "_groupIndex": 0,
    "groupIndex": 0,
    "autoReleaseAssets": false,
    "_id": "76e62e12-7917-4eed-8bdd-385c601782b4"
  },
  {
    "__type__": "cc.Node",
    "_name": "Canvas",
    "_objFlags": 0,
    "_parent": {
      "__id__": 1
    },
    "_children": [
      {
        "__id__": 3
      },
      {
        "__id__": 5
      }
    ],
    "_active": true,
    "_components": [
      {
        "__id__": 42
      }
    ],
    "_prefab": null,
    "_opacity": 255,
    "_color": {
      "__type__": "cc.Color",
      "r": 255,
      "g": 255,
      "b": 255,
      "a": 255
    },
    "_contentSize": {
      "__type__": "cc.Size",
      "width": 960,
      "height": 640
    },
    "_anchorPoint": {
      "__type__": "cc.Vec2",
      "x": 0.5,
      "y": 0.5
    },
    "_trs": {
      "__type__": "TypedArray",
      "ctor": "Float64Array",
      "array": [
        480,
        320,
        0,
        0,
        0,
        0,
        1,
        1,
        1,
        1
      ]
    },
    "_eulerAngles": {
      "__type__": "cc.Vec3",
      "x": 0,
      "y": 0,
      "z": 0
    },
    "_skewX": 0,
    "_skewY": 0,
    "_is3DNode": false,
    "_groupIndex": 0,
    "groupIndex": 0,
    "_id": "46DUIKMD9OVpQiemqjbaoI"
  },
  {
    "__type__": "cc.Node",
    "_name": "Main Camera",
    "_objFlags": 0,
    "_parent": {
      "__id__": 2
    },
    "_children": [],
    "_active": true,
    "_components": [
      {
        "__id__": 4
      }
    ],
    "_prefab": null,
    "_opacity": 255,
    "_color": {
      "__type__": "cc.Color",
      "r": 255,
      "g": 255,
      "b": 255,
      "a": 255
    },
    "_contentSize": {
      "__type__": "cc.Size",
      "width": 0,
      "height": 0
    },
    "_anchorPoint": {
      "__type__": "cc.Vec2",
      "x": 0.5,
      "y": 0.5
    },
    "_trs": {
      "__type__": "TypedArray",
      "ctor": "Float64Array",
      "array": [
        0,
        0,
        529.141521712292,
        0,
        0,
        0,
        1,
        1,
        1,
        1
      ]
    },
    "_eulerAngles": {
      "__type__": "cc.Vec3",
      "x": 0,
      "y": 0,
      "z": 0
    },
    "_skewX": 0,
    "_skewY": 0,
    "_is3DNode": false,
    "_groupIndex": 0,
    "groupIndex": 0,
    "_id": "24L4CiizdPtLHMO4h5qcXo"
  },
  {
    "__type__": "cc.Camera",
    "_name": "",
    "_objFlags": 0,
    "node": {
      "__id__": 3
    },
    "_enabled": true,
    "_cullingMask": 4294967295,
    "_clearFlags": 7,
    "_backgroundColor": {
      "__type__": "cc.Color",
      "r": 0,
      "g": 0,
      "b": 0,
      "a": 255
    },
    "_depth": -1,
    "_zoomRatio": 1,
    "_targetTexture": null,
    "_fov": 60,
    "_orthoSize": 10,
    "_nearClip": 1,
    "_farClip": 4096,
    "_ortho": true,
    "_rect": {
      "__type__": "cc.Rect",
      "x": 0,
      "y": 0,
      "width": 1,
      "height": 1
    },
    "_renderStages": 1,
    "_alignWithScreen": true,
    "_id": "32vEa/XcNPmruE80KnA/nV"
  },
  {
    "__type__": "cc.Node",
    "_name": "map",
    "_objFlags": 0,
    "_parent": {
      "__id__": 2
    },
    "_children": [
      {
        "__id__": 6
      },
      {
        "__id__": 10
      },
      {
        "__id__": 14
      },
      {
        "__id__": 18
      },
      {
        "__id__": 22
      },
      {
        "__id__": 26
      },
      {
        "__id__": 30
      },
      {
        "__id__": 34
      },
      {
        "__id__": 38
      }
    ],
    "_active": true,
    "_components": [],
    "_prefab": null,
    "_opacity": 255,
    "_color": {
      "__type__": "cc.Color",
      "r": 255,
      "g": 255,
      "b": 255,
      "a": 255
    },
    "_contentSize": {
      "__type__": "cc.Size",
      "width": 0,
      "height": 0
    },
    "_anchorPoint": {
      "__type__": "cc.Vec2",
      "x": 0.5,
      "y": 0.5
    },
    "_trs": {
      "__type__": "TypedArray",
      "ctor": "Float64Array",
      "array": [
        -480,
        -320,
        0,
        0,
        0,
        0,
        1,
        1,
        1,
        1
      ]
    },
    "_eulerAngles": {
      "__type__": "cc.Vec3",
      "x": 0,
      "y": 0,
      "z": 0
    },
    "_skewX": 0,
    "_skewY": 0,
    "_is3DNode": false,
    "_groupIndex": 0,
    "groupIndex": 0,
    "_id": "87XbKafrBIFKLjXtqzo+G2"
  },
  {
    "__type__": "cc.Node",
    "_name": "main_land",
    "_objFlags": 0,
    "_parent": {
      "__id__": 5
    },
    "_children": [],
    "_active": true,
    "_components": [
      {
        "__id__": 7
      },
      {
        "__id__": 8
      },
      {
        "__id__": 9
      }
    ],
    "_prefab": null,
    "_opacity": 255,
    "_color": {
      "__type__": "cc.Color",
      "r": 255,
      "g": 255,
      "b": 255,
      "a": 255
    },
    "_contentSize": {
      "__type__": "cc.Size",
      "width": 11999,
      "height": 8232
    },
    "_anchorPoint": {
      "__type__": "cc.Vec2",
      "x": 0.5,
      "y": 0.5
    },
    "_trs": {
      "__type__": "TypedArray",
      "ctor": "Float64Array",
      "array": [
        6000,
        4120,
        0,
        0,
        0,
        0,
        1,
        1,
        1,
        1
      ]
    },
    "_eulerAngles": {
      "__type__": "cc.Vec3",
      "x": 0,
      "y": 0,
      "z": 0
    },
    "_skewX": 0,
    "_skewY": 0,
    "_is3DNode": false,
    "_groupIndex": 0,
    "groupIndex": 0,
    "_id": "52xsXrjx5J8JMKIbhrvI/c"
  },
  {
    "__type__": "cc.Sprite",
    "_name": "",
    "_objFlags": 0,
    "node": {
      "__id__": 6
    },
    "_enabled": true,
    "_materials": [
      {
        "__uuid__": "eca5d2f2-8ef6-41c2-bbe6-f9c79d09c432"
      }
    ],
    "_srcBlendFactor": 770,
    "_dstBlendFactor": 771,
    "_spriteFrame": {
      "__uuid__": "9a37b768-025f-4fc6-be1a-525101b12d70"
    },
    "_type": 0,
    "_sizeMode": 1,
    "_fillType": 0,
    "_fillCenter": {
      "__type__": "cc.Vec2",
      "x": 0,
      "y": 0
    },
    "_fillStart": 0,
    "_fillRange": 0,
    "_isTrimmedMode": true,
    "_atlas": null,
    "_id": "0eXpJ6wzNFoand4BzyWGHn"
  },
  {
    "__type__": "cc.RigidBody",
    "_name": "",
    "_objFlags": 0,
    "node": {
      "__id__": 6
    },
    "_enabled": true,
    "_type": 0,
    "_allowSleep": true,
    "_gravityScale": 1,
    "_linearDamping": 0,
    "_angularDamping": 0,
    "_linearVelocity": {
      "__type__": "cc.Vec2",
      "x": 0,
      "y": 0
    },
    "_angularVelocity": 0,
    "_fixedRotation": false,
    "enabledContactListener": true,
    "bullet": false,
    "awakeOnLoad": true,
    "_id": "a2mOXRlopKu4kRqXwkW6fv"
  },
  {
    "__type__": "cc.PhysicsPolygonCollider",
    "_name": "",
    "_objFlags": 0,
    "node": {
      "__id__": 6
    },
    "_enabled": true,
    "tag": 0,
    "_density": 1,
    "_sensor": false,
    "_friction": 0.2,
    "_restitution": 0,
    "body": null,
    "_offset": {
      "__type__": "cc.Vec2",
      "x": 0,
      "y": 0
    },
    "points": [
      {
        "__type__": "cc.Vec2",
        "x": -5999.5,
        "y": 4116
      },
      {
        "__type__": "cc.Vec2",
        "x": -5999.5,
        "y": -4116
      },
      {
        "__type__": "cc.Vec2",
        "x": 5999.5,
        "y": -4116
      },
      {
        "__type__": "cc.Vec2",
        "x": 5999.5,
        "y": 4116
      },
      {
        "__type__": "cc.Vec2",
        "x": 4318.5,
        "y": 4116
      },
      {
        "__type__": "cc.Vec2",
        "x": 4312.5,
        "y": 3911
      },
      {
        "__type__": "cc.Vec2",
        "x": 4505.5,
        "y": 3919
      },
      {
        "__type__": "cc.Vec2",
        "x": 4807.5,
        "y": 3788
      },
      {
        "__type__": "cc.Vec2",
        "x": 4739.5,
        "y": 3590
      },
      {
        "__type__": "cc.Vec2",
        "x": 4238.5,
        "y": 3498
      },
      {
        "__type__": "cc.Vec2",
        "x": 4011.5,
        "y": 3497
      },
      {
        "__type__": "cc.Vec2",
        "x": 3714.5,
        "y": 3382
      },
      {
        "__type__": "cc.Vec2",
        "x": 3754.5,
        "y": 3185
      },
      {
        "__type__": "cc.Vec2",
        "x": 4137.5,
        "y": 3074
      },
      {
        "__type__": "cc.Vec2",
        "x": 4612.5,
        "y": 3011
      },
      {
        "__type__": "cc.Vec2",
        "x": 4815.5,
        "y": 3107
      },
      {
        "__type__": "cc.Vec2",
        "x": 5444.5,
        "y": 3304
      },
      {
        "__type__": "cc.Vec2",
        "x": 5723.5,
        "y": 3178
      },
      {
        "__type__": "cc.Vec2",
        "x": 5735.5,
        "y": 2861
      },
      {
        "__type__": "cc.Vec2",
        "x": 5592.5,
        "y": 2597
      },
      {
        "__type__": "cc.Vec2",
        "x": 5167.5,
        "y": 2552
      },
      {
        "__type__": "cc.Vec2",
        "x": 4831.5,
        "y": 2595
      },
      {
        "__type__": "cc.Vec2",
        "x": 4704.5,
        "y": 2279
      },
      {
        "__type__": "cc.Vec2",
        "x": 4862.5,
        "y": 1988
      },
      {
        "__type__": "cc.Vec2",
        "x": 5314.5,
        "y": 1824
      },
      {
        "__type__": "cc.Vec2",
        "x": 5685.5,
        "y": 1578
      },
      {
        "__type__": "cc.Vec2",
        "x": 5624.5,
        "y": 1166
      },
      {
        "__type__": "cc.Vec2",
        "x": 5408.5,
        "y": 915
      },
      {
        "__type__": "cc.Vec2",
        "x": 5115.5,
        "y": 944
      },
      {
        "__type__": "cc.Vec2",
        "x": 5007.5,
        "y": 886
      },
      {
        "__type__": "cc.Vec2",
        "x": 4920.5,
        "y": 747
      },
      {
        "__type__": "cc.Vec2",
        "x": 5061.5,
        "y": 580
      },
      {
        "__type__": "cc.Vec2",
        "x": 5252.5,
        "y": 585
      },
      {
        "__type__": "cc.Vec2",
        "x": 5681.5,
        "y": 455
      },
      {
        "__type__": "cc.Vec2",
        "x": 5798.5,
        "y": -97
      },
      {
        "__type__": "cc.Vec2",
        "x": 5705.5,
        "y": -806
      },
      {
        "__type__": "cc.Vec2",
        "x": 5537.5,
        "y": -878
      },
      {
        "__type__": "cc.Vec2",
        "x": 5257.5,
        "y": -740
      },
      {
        "__type__": "cc.Vec2",
        "x": 5329.5,
        "y": -57
      },
      {
        "__type__": "cc.Vec2",
        "x": 5436.5,
        "y": 128
      },
      {
        "__type__": "cc.Vec2",
        "x": 5210.5,
        "y": 171
      },
      {
        "__type__": "cc.Vec2",
        "x": 4973.5,
        "y": 46
      },
      {
        "__type__": "cc.Vec2",
        "x": 4754.5,
        "y": -689
      },
      {
        "__type__": "cc.Vec2",
        "x": 4487.5,
        "y": -799
      },
      {
        "__type__": "cc.Vec2",
        "x": 4408.5,
        "y": -1054
      },
      {
        "__type__": "cc.Vec2",
        "x": 4246.5,
        "y": -1104
      },
      {
        "__type__": "cc.Vec2",
        "x": 3843.5,
        "y": -827
      },
      {
        "__type__": "cc.Vec2",
        "x": 3715.5,
        "y": -587
      },
      {
        "__type__": "cc.Vec2",
        "x": 3618.5,
        "y": -515
      },
      {
        "__type__": "cc.Vec2",
        "x": 3168.5,
        "y": -639
      },
      {
        "__type__": "cc.Vec2",
        "x": 2776.5,
        "y": -668
      },
      {
        "__type__": "cc.Vec2",
        "x": 2378.5,
        "y": -826
      },
      {
        "__type__": "cc.Vec2",
        "x": 1910.5,
        "y": -834
      },
      {
        "__type__": "cc.Vec2",
        "x": 1387.5,
        "y": -959
      },
      {
        "__type__": "cc.Vec2",
        "x": 865.5,
        "y": -1322
      },
      {
        "__type__": "cc.Vec2",
        "x": 79.5,
        "y": -1466
      },
      {
        "__type__": "cc.Vec2",
        "x": -445.5,
        "y": -939
      },
      {
        "__type__": "cc.Vec2",
        "x": -688.5,
        "y": -976
      },
      {
        "__type__": "cc.Vec2",
        "x": -911.5,
        "y": -1324
      },
      {
        "__type__": "cc.Vec2",
        "x": -1611.5,
        "y": -1370
      },
      {
        "__type__": "cc.Vec2",
        "x": -1836.5,
        "y": -1200
      },
      {
        "__type__": "cc.Vec2",
        "x": -1861.5,
        "y": -907
      },
      {
        "__type__": "cc.Vec2",
        "x": -1701.5,
        "y": -838
      },
      {
        "__type__": "cc.Vec2",
        "x": -1692.5,
        "y": -827
      },
      {
        "__type__": "cc.Vec2",
        "x": -1689.5,
        "y": -495
      },
      {
        "__type__": "cc.Vec2",
        "x": -1739.5,
        "y": -370
      },
      {
        "__type__": "cc.Vec2",
        "x": -2072.5,
        "y": -346
      },
      {
        "__type__": "cc.Vec2",
        "x": -3029.5,
        "y": -224
      },
      {
        "__type__": "cc.Vec2",
        "x": -3261.5,
        "y": -25
      },
      {
        "__type__": "cc.Vec2",
        "x": -3401.5,
        "y": 465
      },
      {
        "__type__": "cc.Vec2",
        "x": -3385.5,
        "y": 570
      },
      {
        "__type__": "cc.Vec2",
        "x": -3345.5,
        "y": 815
      },
      {
        "__type__": "cc.Vec2",
        "x": -2794.5,
        "y": 902
      },
      {
        "__type__": "cc.Vec2",
        "x": -2392.5,
        "y": 603
      },
      {
        "__type__": "cc.Vec2",
        "x": -2519.5,
        "y": 227
      },
      {
        "__type__": "cc.Vec2",
        "x": -2251.5,
        "y": 39
      },
      {
        "__type__": "cc.Vec2",
        "x": -1709.5,
        "y": 95
      },
      {
        "__type__": "cc.Vec2",
        "x": -861.5,
        "y": -25
      },
      {
        "__type__": "cc.Vec2",
        "x": -390.5,
        "y": -232
      },
      {
        "__type__": "cc.Vec2",
        "x": 166.5,
        "y": 106
      },
      {
        "__type__": "cc.Vec2",
        "x": 86.5,
        "y": 221
      },
      {
        "__type__": "cc.Vec2",
        "x": -577.5,
        "y": 292
      },
      {
        "__type__": "cc.Vec2",
        "x": -910.5,
        "y": 209
      },
      {
        "__type__": "cc.Vec2",
        "x": -1438.5,
        "y": 360
      },
      {
        "__type__": "cc.Vec2",
        "x": -2039.5,
        "y": 289
      },
      {
        "__type__": "cc.Vec2",
        "x": -2249.5,
        "y": 455
      },
      {
        "__type__": "cc.Vec2",
        "x": -2225.5,
        "y": 725
      },
      {
        "__type__": "cc.Vec2",
        "x": -1642.5,
        "y": 932
      },
      {
        "__type__": "cc.Vec2",
        "x": -1334.5,
        "y": 712
      },
      {
        "__type__": "cc.Vec2",
        "x": -1128.5,
        "y": 802
      },
      {
        "__type__": "cc.Vec2",
        "x": -1070.5,
        "y": 1045
      },
      {
        "__type__": "cc.Vec2",
        "x": -1234.5,
        "y": 1195
      },
      {
        "__type__": "cc.Vec2",
        "x": -1097.5,
        "y": 1536
      },
      {
        "__type__": "cc.Vec2",
        "x": -1115.5,
        "y": 1678
      },
      {
        "__type__": "cc.Vec2",
        "x": -1453.5,
        "y": 1703
      },
      {
        "__type__": "cc.Vec2",
        "x": -2041.5,
        "y": 1500
      },
      {
        "__type__": "cc.Vec2",
        "x": -2175.5,
        "y": 1143
      },
      {
        "__type__": "cc.Vec2",
        "x": -2400.5,
        "y": 1140
      },
      {
        "__type__": "cc.Vec2",
        "x": -2784.5,
        "y": 1536
      },
      {
        "__type__": "cc.Vec2",
        "x": -3432.5,
        "y": 1409
      },
      {
        "__type__": "cc.Vec2",
        "x": -3684.5,
        "y": 1061
      },
      {
        "__type__": "cc.Vec2",
        "x": -3993.5,
        "y": 937
      },
      {
        "__type__": "cc.Vec2",
        "x": -3924.5,
        "y": 654
      },
      {
        "__type__": "cc.Vec2",
        "x": -3649.5,
        "y": 496
      },
      {
        "__type__": "cc.Vec2",
        "x": -3782.5,
        "y": 288
      },
      {
        "__type__": "cc.Vec2",
        "x": -3728.5,
        "y": 64
      },
      {
        "__type__": "cc.Vec2",
        "x": -3082.5,
        "y": -430
      },
      {
        "__type__": "cc.Vec2",
        "x": -3196.5,
        "y": -572
      },
      {
        "__type__": "cc.Vec2",
        "x": -3441.5,
        "y": -505
      },
      {
        "__type__": "cc.Vec2",
        "x": -3613.5,
        "y": -634
      },
      {
        "__type__": "cc.Vec2",
        "x": -3628.5,
        "y": -753
      },
      {
        "__type__": "cc.Vec2",
        "x": -3444.5,
        "y": -1102
      },
      {
        "__type__": "cc.Vec2",
        "x": -2925.5,
        "y": -1262
      },
      {
        "__type__": "cc.Vec2",
        "x": -2648.5,
        "y": -1081
      },
      {
        "__type__": "cc.Vec2",
        "x": -2586.5,
        "y": -962
      },
      {
        "__type__": "cc.Vec2",
        "x": -2260.5,
        "y": -1022
      },
      {
        "__type__": "cc.Vec2",
        "x": -2374.5,
        "y": -1269
      },
      {
        "__type__": "cc.Vec2",
        "x": -2271.5,
        "y": -1546
      },
      {
        "__type__": "cc.Vec2",
        "x": -2415.5,
        "y": -1701
      },
      {
        "__type__": "cc.Vec2",
        "x": -2105.5,
        "y": -2174
      },
      {
        "__type__": "cc.Vec2",
        "x": -1629.5,
        "y": -1779
      },
      {
        "__type__": "cc.Vec2",
        "x": -1299.5,
        "y": -1818
      },
      {
        "__type__": "cc.Vec2",
        "x": -863.5,
        "y": -1486
      },
      {
        "__type__": "cc.Vec2",
        "x": -548.5,
        "y": -1760
      },
      {
        "__type__": "cc.Vec2",
        "x": -466.5,
        "y": -2225
      },
      {
        "__type__": "cc.Vec2",
        "x": -151.5,
        "y": -2215
      },
      {
        "__type__": "cc.Vec2",
        "x": -63.5,
        "y": -2096
      },
      {
        "__type__": "cc.Vec2",
        "x": -12.5,
        "y": -2011
      },
      {
        "__type__": "cc.Vec2",
        "x": 46.5,
        "y": -2117
      },
      {
        "__type__": "cc.Vec2",
        "x": 604.5,
        "y": -1732
      },
      {
        "__type__": "cc.Vec2",
        "x": 1359.5,
        "y": -1365
      },
      {
        "__type__": "cc.Vec2",
        "x": 1478.5,
        "y": -1963
      },
      {
        "__type__": "cc.Vec2",
        "x": 1664.5,
        "y": -2052
      },
      {
        "__type__": "cc.Vec2",
        "x": 1846.5,
        "y": -1965
      },
      {
        "__type__": "cc.Vec2",
        "x": 2048.5,
        "y": -1545
      },
      {
        "__type__": "cc.Vec2",
        "x": 2636.5,
        "y": -1198
      },
      {
        "__type__": "cc.Vec2",
        "x": 2917.5,
        "y": -1699
      },
      {
        "__type__": "cc.Vec2",
        "x": 3559.5,
        "y": -1255
      },
      {
        "__type__": "cc.Vec2",
        "x": 4056.5,
        "y": -1533
      },
      {
        "__type__": "cc.Vec2",
        "x": 4570.5,
        "y": -1483
      },
      {
        "__type__": "cc.Vec2",
        "x": 4899.5,
        "y": -1268
      },
      {
        "__type__": "cc.Vec2",
        "x": 5509.5,
        "y": -1531
      },
      {
        "__type__": "cc.Vec2",
        "x": 5450.5,
        "y": -1863
      },
      {
        "__type__": "cc.Vec2",
        "x": 5036.5,
        "y": -1964
      },
      {
        "__type__": "cc.Vec2",
        "x": 5030.5,
        "y": -2245
      },
      {
        "__type__": "cc.Vec2",
        "x": 5220.5,
        "y": -2360
      },
      {
        "__type__": "cc.Vec2",
        "x": 4985.5,
        "y": -2747
      },
      {
        "__type__": "cc.Vec2",
        "x": 4657.5,
        "y": -2696
      },
      {
        "__type__": "cc.Vec2",
        "x": 4413.5,
        "y": -2426
      },
      {
        "__type__": "cc.Vec2",
        "x": 4081.5,
        "y": -2449
      },
      {
        "__type__": "cc.Vec2",
        "x": 3460.5,
        "y": -3012
      },
      {
        "__type__": "cc.Vec2",
        "x": 3239.5,
        "y": -3384
      },
      {
        "__type__": "cc.Vec2",
        "x": 2596.5,
        "y": -3326
      },
      {
        "__type__": "cc.Vec2",
        "x": 2060.5,
        "y": -3170
      },
      {
        "__type__": "cc.Vec2",
        "x": 1558.5,
        "y": -3093
      },
      {
        "__type__": "cc.Vec2",
        "x": 1522.5,
        "y": -3093
      },
      {
        "__type__": "cc.Vec2",
        "x": 1098.5,
        "y": -3103
      },
      {
        "__type__": "cc.Vec2",
        "x": 717.5,
        "y": -3410
      },
      {
        "__type__": "cc.Vec2",
        "x": 222.5,
        "y": -3336
      },
      {
        "__type__": "cc.Vec2",
        "x": 210.5,
        "y": -2875
      },
      {
        "__type__": "cc.Vec2",
        "x": -11.5,
        "y": -2745
      },
      {
        "__type__": "cc.Vec2",
        "x": -27.5,
        "y": -2775
      },
      {
        "__type__": "cc.Vec2",
        "x": -50.5,
        "y": -2723
      },
      {
        "__type__": "cc.Vec2",
        "x": -131.5,
        "y": -2675
      },
      {
        "__type__": "cc.Vec2",
        "x": -853.5,
        "y": -2822
      },
      {
        "__type__": "cc.Vec2",
        "x": -1366.5,
        "y": -3198
      },
      {
        "__type__": "cc.Vec2",
        "x": -1936.5,
        "y": -3118
      },
      {
        "__type__": "cc.Vec2",
        "x": -2113.5,
        "y": -2782
      },
      {
        "__type__": "cc.Vec2",
        "x": -2667.5,
        "y": -2465
      },
      {
        "__type__": "cc.Vec2",
        "x": -3234.5,
        "y": -2740
      },
      {
        "__type__": "cc.Vec2",
        "x": -3364.5,
        "y": -2959
      },
      {
        "__type__": "cc.Vec2",
        "x": -3720.5,
        "y": -2990
      },
      {
        "__type__": "cc.Vec2",
        "x": -3894.5,
        "y": -2876
      },
      {
        "__type__": "cc.Vec2",
        "x": -4498.5,
        "y": -2966
      },
      {
        "__type__": "cc.Vec2",
        "x": -4747.5,
        "y": -2681
      },
      {
        "__type__": "cc.Vec2",
        "x": -4728.5,
        "y": -2269
      },
      {
        "__type__": "cc.Vec2",
        "x": -4913.5,
        "y": -1766
      },
      {
        "__type__": "cc.Vec2",
        "x": -3930.5,
        "y": -1042
      },
      {
        "__type__": "cc.Vec2",
        "x": -3949.5,
        "y": -829
      },
      {
        "__type__": "cc.Vec2",
        "x": -4100.5,
        "y": -786
      },
      {
        "__type__": "cc.Vec2",
        "x": -4545.5,
        "y": -905
      },
      {
        "__type__": "cc.Vec2",
        "x": -4917.5,
        "y": -694
      },
      {
        "__type__": "cc.Vec2",
        "x": -4885.5,
        "y": -539
      },
      {
        "__type__": "cc.Vec2",
        "x": -4537.5,
        "y": -523
      },
      {
        "__type__": "cc.Vec2",
        "x": -4024.5,
        "y": -180
      },
      {
        "__type__": "cc.Vec2",
        "x": -4542.5,
        "y": 446
      },
      {
        "__type__": "cc.Vec2",
        "x": -4216.5,
        "y": 701
      },
      {
        "__type__": "cc.Vec2",
        "x": -4353.5,
        "y": 807
      },
      {
        "__type__": "cc.Vec2",
        "x": -4800.5,
        "y": 758
      },
      {
        "__type__": "cc.Vec2",
        "x": -4977.5,
        "y": 861
      },
      {
        "__type__": "cc.Vec2",
        "x": -4801.5,
        "y": 1143
      },
      {
        "__type__": "cc.Vec2",
        "x": -4138.5,
        "y": 1453
      },
      {
        "__type__": "cc.Vec2",
        "x": -4052.5,
        "y": 1744
      },
      {
        "__type__": "cc.Vec2",
        "x": -4261.5,
        "y": 2104
      },
      {
        "__type__": "cc.Vec2",
        "x": -4535.5,
        "y": 2035
      },
      {
        "__type__": "cc.Vec2",
        "x": -4972.5,
        "y": 2273
      },
      {
        "__type__": "cc.Vec2",
        "x": -4853.5,
        "y": 2576
      },
      {
        "__type__": "cc.Vec2",
        "x": -4707.5,
        "y": 2634
      },
      {
        "__type__": "cc.Vec2",
        "x": -4815.5,
        "y": 2886
      },
      {
        "__type__": "cc.Vec2",
        "x": -5045.5,
        "y": 3018
      },
      {
        "__type__": "cc.Vec2",
        "x": -4989.5,
        "y": 3184
      },
      {
        "__type__": "cc.Vec2",
        "x": -4796.5,
        "y": 3220
      },
      {
        "__type__": "cc.Vec2",
        "x": -4784.5,
        "y": 3236
      },
      {
        "__type__": "cc.Vec2",
        "x": -4855.5,
        "y": 3405
      },
      {
        "__type__": "cc.Vec2",
        "x": -5397.5,
        "y": 3483
      },
      {
        "__type__": "cc.Vec2",
        "x": -5269.5,
        "y": 3688
      },
      {
        "__type__": "cc.Vec2",
        "x": -4824.5,
        "y": 3699
      },
      {
        "__type__": "cc.Vec2",
        "x": -4529.5,
        "y": 3582
      },
      {
        "__type__": "cc.Vec2",
        "x": -4212.5,
        "y": 2951
      },
      {
        "__type__": "cc.Vec2",
        "x": -4035.5,
        "y": 2897
      },
      {
        "__type__": "cc.Vec2",
        "x": -3856.5,
        "y": 3045
      },
      {
        "__type__": "cc.Vec2",
        "x": -3599.5,
        "y": 3576
      },
      {
        "__type__": "cc.Vec2",
        "x": -3367.5,
        "y": 3681
      },
      {
        "__type__": "cc.Vec2",
        "x": -3017.5,
        "y": 3540
      },
      {
        "__type__": "cc.Vec2",
        "x": -2830.5,
        "y": 3089
      },
      {
        "__type__": "cc.Vec2",
        "x": -2563.5,
        "y": 2998
      },
      {
        "__type__": "cc.Vec2",
        "x": -2326.5,
        "y": 3050
      },
      {
        "__type__": "cc.Vec2",
        "x": -2193.5,
        "y": 3111
      },
      {
        "__type__": "cc.Vec2",
        "x": -2064.5,
        "y": 3443
      },
      {
        "__type__": "cc.Vec2",
        "x": -1833.5,
        "y": 3767
      },
      {
        "__type__": "cc.Vec2",
        "x": -1415.5,
        "y": 3865
      },
      {
        "__type__": "cc.Vec2",
        "x": -1048.5,
        "y": 3733
      },
      {
        "__type__": "cc.Vec2",
        "x": -518.5,
        "y": 3621
      },
      {
        "__type__": "cc.Vec2",
        "x": -233.5,
        "y": 3407
      },
      {
        "__type__": "cc.Vec2",
        "x": 110.5,
        "y": 3289
      },
      {
        "__type__": "cc.Vec2",
        "x": 627.5,
        "y": 3386
      },
      {
        "__type__": "cc.Vec2",
        "x": 881.5,
        "y": 3528
      },
      {
        "__type__": "cc.Vec2",
        "x": 1503.5,
        "y": 3783
      },
      {
        "__type__": "cc.Vec2",
        "x": 2239.5,
        "y": 3654
      },
      {
        "__type__": "cc.Vec2",
        "x": 2662.5,
        "y": 3668
      },
      {
        "__type__": "cc.Vec2",
        "x": 3391.5,
        "y": 3876
      },
      {
        "__type__": "cc.Vec2",
        "x": 4265.5,
        "y": 3909
      },
      {
        "__type__": "cc.Vec2",
        "x": 4272.5,
        "y": 4116
      }
    ],
    "_id": "2ccFnalKNMB7ZkSzOHxkDu"
  },
  {
    "__type__": "cc.Node",
    "_name": "float_island_1",
    "_objFlags": 0,
    "_parent": {
      "__id__": 5
    },
    "_children": [],
    "_active": true,
    "_components": [
      {
        "__id__": 11
      },
      {
        "__id__": 12
      },
      {
        "__id__": 13
      }
    ],
    "_prefab": null,
    "_opacity": 255,
    "_color": {
      "__type__": "cc.Color",
      "r": 255,
      "g": 255,
      "b": 255,
      "a": 255
    },
    "_contentSize": {
      "__type__": "cc.Size",
      "width": 7071,
      "height": 1630
    },
    "_anchorPoint": {
      "__type__": "cc.Vec2",
      "x": 0.5,
      "y": 0.5
    },
    "_trs": {
      "__type__": "TypedArray",
      "ctor": "Float64Array",
      "array": [
        5677.869,
        6519.036,
        0,
        0,
        0,
        0,
        1,
        1,
        1,
        1
      ]
    },
    "_eulerAngles": {
      "__type__": "cc.Vec3",
      "x": 0,
      "y": 0,
      "z": 0
    },
    "_skewX": 0,
    "_skewY": 0,
    "_is3DNode": false,
    "_groupIndex": 0,
    "groupIndex": 0,
    "_id": "e8oUHzZ3pFQq/vxlc7fYpg"
  },
  {
    "__type__": "cc.Sprite",
    "_name": "",
    "_objFlags": 0,
    "node": {
      "__id__": 10
    },
    "_enabled": true,
    "_materials": [
      {
        "__uuid__": "eca5d2f2-8ef6-41c2-bbe6-f9c79d09c432"
      }
    ],
    "_srcBlendFactor": 770,
    "_dstBlendFactor": 771,
    "_spriteFrame": {
      "__uuid__": "2ad12c0d-2741-4820-bb97-5b9b1fc12b58"
    },
    "_type": 0,
    "_sizeMode": 1,
    "_fillType": 0,
    "_fillCenter": {
      "__type__": "cc.Vec2",
      "x": 0,
      "y": 0
    },
    "_fillStart": 0,
    "_fillRange": 0,
    "_isTrimmedMode": true,
    "_atlas": null,
    "_id": "2cnhju2p1MjZUTI2UmL5Cn"
  },
  {
    "__type__": "cc.RigidBody",
    "_name": "",
    "_objFlags": 0,
    "node": {
      "__id__": 10
    },
    "_enabled": true,
    "_type": 0,
    "_allowSleep": true,
    "_gravityScale": 1,
    "_linearDamping": 0,
    "_angularDamping": 0,
    "_linearVelocity": {
      "__type__": "cc.Vec2",
      "x": 0,
      "y": 0
    },
    "_angularVelocity": 0,
    "_fixedRotation": false,
    "enabledContactListener": true,
    "bullet": false,
    "awakeOnLoad": true,
    "_id": "33+wt3wyNJmImNWbp+OaZ9"
  },
  {
    "__type__": "cc.PhysicsPolygonCollider",
    "_name": "",
    "_objFlags": 0,
    "node": {
      "__id__": 10
    },
    "_enabled": true,
    "tag": 0,
    "_density": 1,
    "_sensor": false,
    "_friction": 0.2,
    "_restitution": 0,
    "body": null,
    "_offset": {
      "__type__": "cc.Vec2",
      "x": 0,
      "y": 0
    },
    "points": [
      {
        "__type__": "cc.Vec2",
        "x": -3012.5,
        "y": 815
      },
      {
        "__type__": "cc.Vec2",
        "x": -3101.5,
        "y": 575
      },
      {
        "__type__": "cc.Vec2",
        "x": -3104.5,
        "y": 552
      },
      {
        "__type__": "cc.Vec2",
        "x": -3216.5,
        "y": 264
      },
      {
        "__type__": "cc.Vec2",
        "x": -3200.5,
        "y": 156
      },
      {
        "__type__": "cc.Vec2",
        "x": -3022.5,
        "y": 63
      },
      {
        "__type__": "cc.Vec2",
        "x": -3013.5,
        "y": -7
      },
      {
        "__type__": "cc.Vec2",
        "x": -3283.5,
        "y": -130
      },
      {
        "__type__": "cc.Vec2",
        "x": -3510.5,
        "y": -474
      },
      {
        "__type__": "cc.Vec2",
        "x": -3535.5,
        "y": -705
      },
      {
        "__type__": "cc.Vec2",
        "x": -3437.5,
        "y": -815
      },
      {
        "__type__": "cc.Vec2",
        "x": -2633.5,
        "y": -659
      },
      {
        "__type__": "cc.Vec2",
        "x": -1882.5,
        "y": -659
      },
      {
        "__type__": "cc.Vec2",
        "x": -1366.5,
        "y": -441
      },
      {
        "__type__": "cc.Vec2",
        "x": -648.5,
        "y": -522
      },
      {
        "__type__": "cc.Vec2",
        "x": -527.5,
        "y": -482
      },
      {
        "__type__": "cc.Vec2",
        "x": -428.5,
        "y": -278
      },
      {
        "__type__": "cc.Vec2",
        "x": 142.5,
        "y": -211
      },
      {
        "__type__": "cc.Vec2",
        "x": 207.5,
        "y": -329
      },
      {
        "__type__": "cc.Vec2",
        "x": 325.5,
        "y": -347
      },
      {
        "__type__": "cc.Vec2",
        "x": 857.5,
        "y": -184
      },
      {
        "__type__": "cc.Vec2",
        "x": 868.5,
        "y": -190
      },
      {
        "__type__": "cc.Vec2",
        "x": 1121.5,
        "y": -452
      },
      {
        "__type__": "cc.Vec2",
        "x": 1494.5,
        "y": -658
      },
      {
        "__type__": "cc.Vec2",
        "x": 1887.5,
        "y": -231
      },
      {
        "__type__": "cc.Vec2",
        "x": 2055.5,
        "y": -344
      },
      {
        "__type__": "cc.Vec2",
        "x": 2553.5,
        "y": -293
      },
      {
        "__type__": "cc.Vec2",
        "x": 2653.5,
        "y": -483
      },
      {
        "__type__": "cc.Vec2",
        "x": 2670.5,
        "y": -686
      },
      {
        "__type__": "cc.Vec2",
        "x": 2838.5,
        "y": -813
      },
      {
        "__type__": "cc.Vec2",
        "x": 3012.5,
        "y": -784
      },
      {
        "__type__": "cc.Vec2",
        "x": 3055.5,
        "y": -567
      },
      {
        "__type__": "cc.Vec2",
        "x": 3006.5,
        "y": -355
      },
      {
        "__type__": "cc.Vec2",
        "x": 3222.5,
        "y": -369
      },
      {
        "__type__": "cc.Vec2",
        "x": 3430.5,
        "y": -251
      },
      {
        "__type__": "cc.Vec2",
        "x": 3535.5,
        "y": 33
      },
      {
        "__type__": "cc.Vec2",
        "x": 3454.5,
        "y": 215
      },
      {
        "__type__": "cc.Vec2",
        "x": 3238.5,
        "y": 267
      },
      {
        "__type__": "cc.Vec2",
        "x": 3136.5,
        "y": 626
      },
      {
        "__type__": "cc.Vec2",
        "x": 2962.5,
        "y": 731
      },
      {
        "__type__": "cc.Vec2",
        "x": 2752.5,
        "y": 782
      },
      {
        "__type__": "cc.Vec2",
        "x": 2540.5,
        "y": 728
      },
      {
        "__type__": "cc.Vec2",
        "x": 2504.5,
        "y": 596
      },
      {
        "__type__": "cc.Vec2",
        "x": 2584.5,
        "y": 312
      },
      {
        "__type__": "cc.Vec2",
        "x": 2429.5,
        "y": 162
      },
      {
        "__type__": "cc.Vec2",
        "x": 2054.5,
        "y": 132
      },
      {
        "__type__": "cc.Vec2",
        "x": 1807.5,
        "y": 182
      },
      {
        "__type__": "cc.Vec2",
        "x": 1606.5,
        "y": 403
      },
      {
        "__type__": "cc.Vec2",
        "x": 1321.5,
        "y": 413
      },
      {
        "__type__": "cc.Vec2",
        "x": 947.5,
        "y": 413
      },
      {
        "__type__": "cc.Vec2",
        "x": 708.5,
        "y": 218
      },
      {
        "__type__": "cc.Vec2",
        "x": 400.5,
        "y": 228
      },
      {
        "__type__": "cc.Vec2",
        "x": 187.5,
        "y": 37
      },
      {
        "__type__": "cc.Vec2",
        "x": -231.5,
        "y": 35
      },
      {
        "__type__": "cc.Vec2",
        "x": -324.5,
        "y": 185
      },
      {
        "__type__": "cc.Vec2",
        "x": -330.5,
        "y": 374
      },
      {
        "__type__": "cc.Vec2",
        "x": -683.5,
        "y": 719
      },
      {
        "__type__": "cc.Vec2",
        "x": -836.5,
        "y": 704
      },
      {
        "__type__": "cc.Vec2",
        "x": -1353.5,
        "y": 712
      },
      {
        "__type__": "cc.Vec2",
        "x": -1686.5,
        "y": 528
      },
      {
        "__type__": "cc.Vec2",
        "x": -1775.5,
        "y": 377
      },
      {
        "__type__": "cc.Vec2",
        "x": -1748.5,
        "y": 255
      },
      {
        "__type__": "cc.Vec2",
        "x": -1609.5,
        "y": 149
      },
      {
        "__type__": "cc.Vec2",
        "x": -993.5,
        "y": 218
      },
      {
        "__type__": "cc.Vec2",
        "x": -844.5,
        "y": 101
      },
      {
        "__type__": "cc.Vec2",
        "x": -787.5,
        "y": -119
      },
      {
        "__type__": "cc.Vec2",
        "x": -917.5,
        "y": -260
      },
      {
        "__type__": "cc.Vec2",
        "x": -1536.5,
        "y": -258
      },
      {
        "__type__": "cc.Vec2",
        "x": -1749.5,
        "y": -283
      },
      {
        "__type__": "cc.Vec2",
        "x": -1970.5,
        "y": -350
      },
      {
        "__type__": "cc.Vec2",
        "x": -2090.5,
        "y": -459
      },
      {
        "__type__": "cc.Vec2",
        "x": -2580.5,
        "y": -472
      },
      {
        "__type__": "cc.Vec2",
        "x": -2778.5,
        "y": -338
      },
      {
        "__type__": "cc.Vec2",
        "x": -2852.5,
        "y": -60
      },
      {
        "__type__": "cc.Vec2",
        "x": -2851.5,
        "y": -54
      },
      {
        "__type__": "cc.Vec2",
        "x": -2609.5,
        "y": 136
      },
      {
        "__type__": "cc.Vec2",
        "x": -2660.5,
        "y": 443
      },
      {
        "__type__": "cc.Vec2",
        "x": -2869.5,
        "y": 804
      }
    ],
    "_id": "ab7eEbflJKqY/E5N3aRBRE"
  },
  {
    "__type__": "cc.Node",
    "_name": "float_island_2",
    "_objFlags": 0,
    "_parent": {
      "__id__": 5
    },
    "_children": [],
    "_active": true,
    "_components": [
      {
        "__id__": 15
      },
      {
        "__id__": 16
      },
      {
        "__id__": 17
      }
    ],
    "_prefab": null,
    "_opacity": 255,
    "_color": {
      "__type__": "cc.Color",
      "r": 255,
      "g": 255,
      "b": 255,
      "a": 255
    },
    "_contentSize": {
      "__type__": "cc.Size",
      "width": 1169,
      "height": 1265
    },
    "_anchorPoint": {
      "__type__": "cc.Vec2",
      "x": 0.5,
      "y": 0.5
    },
    "_trs": {
      "__type__": "TypedArray",
      "ctor": "Float64Array",
      "array": [
        9932.228,
        6438.154,
        0,
        0,
        0,
        0,
        1,
        1,
        1,
        1
      ]
    },
    "_eulerAngles": {
      "__type__": "cc.Vec3",
      "x": 0,
      "y": 0,
      "z": 0
    },
    "_skewX": 0,
    "_skewY": 0,
    "_is3DNode": false,
    "_groupIndex": 0,
    "groupIndex": 0,
    "_id": "45Id+oFcRDk5LKkCks527A"
  },
  {
    "__type__": "cc.Sprite",
    "_name": "",
    "_objFlags": 0,
    "node": {
      "__id__": 14
    },
    "_enabled": true,
    "_materials": [
      {
        "__uuid__": "eca5d2f2-8ef6-41c2-bbe6-f9c79d09c432"
      }
    ],
    "_srcBlendFactor": 770,
    "_dstBlendFactor": 771,
    "_spriteFrame": {
      "__uuid__": "61b60324-6f73-4482-8aa8-c23d804bae61"
    },
    "_type": 0,
    "_sizeMode": 1,
    "_fillType": 0,
    "_fillCenter": {
      "__type__": "cc.Vec2",
      "x": 0,
      "y": 0
    },
    "_fillStart": 0,
    "_fillRange": 0,
    "_isTrimmedMode": true,
    "_atlas": null,
    "_id": "8f9eWartFLb6Ok4BMCmf8/"
  },
  {
    "__type__": "cc.RigidBody",
    "_name": "",
    "_objFlags": 0,
    "node": {
      "__id__": 14
    },
    "_enabled": true,
    "_type": 0,
    "_allowSleep": true,
    "_gravityScale": 1,
    "_linearDamping": 0,
    "_angularDamping": 0,
    "_linearVelocity": {
      "__type__": "cc.Vec2",
      "x": 0,
      "y": 0
    },
    "_angularVelocity": 0,
    "_fixedRotation": false,
    "enabledContactListener": true,
    "bullet": false,
    "awakeOnLoad": true,
    "_id": "fa+6VWNg9KQJF3LA10z8tP"
  },
  {
    "__type__": "cc.PhysicsPolygonCollider",
    "_name": "",
    "_objFlags": 0,
    "node": {
      "__id__": 14
    },
    "_enabled": true,
    "tag": 0,
    "_density": 1,
    "_sensor": false,
    "_friction": 0.2,
    "_restitution": 0,
    "body": null,
    "_offset": {
      "__type__": "cc.Vec2",
      "x": 0,
      "y": 0
    },
    "points": [
      {
        "__type__": "cc.Vec2",
        "x": -416.5,
        "y": 632.5
      },
      {
        "__type__": "cc.Vec2",
        "x": -579.5,
        "y": 450.5
      },
      {
        "__type__": "cc.Vec2",
        "x": -477.5,
        "y": 74.5
      },
      {
        "__type__": "cc.Vec2",
        "x": -584.5,
        "y": -314.5
      },
      {
        "__type__": "cc.Vec2",
        "x": -555.5,
        "y": -524.5
      },
      {
        "__type__": "cc.Vec2",
        "x": -186.5,
        "y": -632.5
      },
      {
        "__type__": "cc.Vec2",
        "x": 505.5,
        "y": -457.5
      },
      {
        "__type__": "cc.Vec2",
        "x": 584.5,
        "y": -96.5
      },
      {
        "__type__": "cc.Vec2",
        "x": 543.5,
        "y": 260.5
      },
      {
        "__type__": "cc.Vec2",
        "x": 410.5,
        "y": 370.5
      },
      {
        "__type__": "cc.Vec2",
        "x": -180.5,
        "y": 481.5
      }
    ],
    "_id": "84eS2d2hJFO5pjXpZTAFzV"
  },
  {
    "__type__": "cc.Node",
    "_name": "float_island_3",
    "_objFlags": 0,
    "_parent": {
      "__id__": 5
    },
    "_children": [],
    "_active": true,
    "_components": [
      {
        "__id__": 19
      },
      {
        "__id__": 20
      },
      {
        "__id__": 21
      }
    ],
    "_prefab": null,
    "_opacity": 255,
    "_color": {
      "__type__": "cc.Color",
      "r": 255,
      "g": 255,
      "b": 255,
      "a": 255
    },
    "_contentSize": {
      "__type__": "cc.Size",
      "width": 5819,
      "height": 2077
    },
    "_anchorPoint": {
      "__type__": "cc.Vec2",
      "x": 0.5,
      "y": 0.5
    },
    "_trs": {
      "__type__": "TypedArray",
      "ctor": "Float64Array",
      "array": [
        7974.9,
        4852.881,
        0,
        0,
        0,
        0,
        1,
        1,
        1,
        1
      ]
    },
    "_eulerAngles": {
      "__type__": "cc.Vec3",
      "x": 0,
      "y": 0,
      "z": 0
    },
    "_skewX": 0,
    "_skewY": 0,
    "_is3DNode": false,
    "_groupIndex": 0,
    "groupIndex": 0,
    "_id": "a2eRttUXVJVoIqPhILnbT/"
  },
  {
    "__type__": "cc.Sprite",
    "_name": "",
    "_objFlags": 0,
    "node": {
      "__id__": 18
    },
    "_enabled": true,
    "_materials": [
      {
        "__uuid__": "eca5d2f2-8ef6-41c2-bbe6-f9c79d09c432"
      }
    ],
    "_srcBlendFactor": 770,
    "_dstBlendFactor": 771,
    "_spriteFrame": {
      "__uuid__": "42c79809-f6ec-4a76-a5e1-a6bb0e486c2e"
    },
    "_type": 0,
    "_sizeMode": 1,
    "_fillType": 0,
    "_fillCenter": {
      "__type__": "cc.Vec2",
      "x": 0,
      "y": 0
    },
    "_fillStart": 0,
    "_fillRange": 0,
    "_isTrimmedMode": true,
    "_atlas": null,
    "_id": "37W5/B24dHg7vXV0B4Mh3F"
  },
  {
    "__type__": "cc.RigidBody",
    "_name": "",
    "_objFlags": 0,
    "node": {
      "__id__": 18
    },
    "_enabled": true,
    "_type": 0,
    "_allowSleep": true,
    "_gravityScale": 1,
    "_linearDamping": 0,
    "_angularDamping": 0,
    "_linearVelocity": {
      "__type__": "cc.Vec2",
      "x": 0,
      "y": 0
    },
    "_angularVelocity": 0,
    "_fixedRotation": false,
    "enabledContactListener": true,
    "bullet": false,
    "awakeOnLoad": true,
    "_id": "f1ZiwWNexFno6u1Ovt9QQb"
  },
  {
    "__type__": "cc.PhysicsPolygonCollider",
    "_name": "",
    "_objFlags": 0,
    "node": {
      "__id__": 18
    },
    "_enabled": true,
    "tag": 0,
    "_density": 1,
    "_sensor": false,
    "_friction": 0.2,
    "_restitution": 0,
    "body": null,
    "_offset": {
      "__type__": "cc.Vec2",
      "x": 0,
      "y": 0
    },
    "points": [
      {
        "__type__": "cc.Vec2",
        "x": -1677.5,
        "y": 1038.5
      },
      {
        "__type__": "cc.Vec2",
        "x": -2318.5,
        "y": 973.5
      },
      {
        "__type__": "cc.Vec2",
        "x": -2326.5,
        "y": 973.5
      },
      {
        "__type__": "cc.Vec2",
        "x": -2327.5,
        "y": 984.5
      },
      {
        "__type__": "cc.Vec2",
        "x": -2495.5,
        "y": 708.5
      },
      {
        "__type__": "cc.Vec2",
        "x": -2806.5,
        "y": 672.5
      },
      {
        "__type__": "cc.Vec2",
        "x": -2909.5,
        "y": 412.5
      },
      {
        "__type__": "cc.Vec2",
        "x": -2816.5,
        "y": 95.5
      },
      {
        "__type__": "cc.Vec2",
        "x": -2461.5,
        "y": -191.5
      },
      {
        "__type__": "cc.Vec2",
        "x": -2153.5,
        "y": -201.5
      },
      {
        "__type__": "cc.Vec2",
        "x": -1683.5,
        "y": -358.5
      },
      {
        "__type__": "cc.Vec2",
        "x": -1460.5,
        "y": -600.5
      },
      {
        "__type__": "cc.Vec2",
        "x": -1236.5,
        "y": -482.5
      },
      {
        "__type__": "cc.Vec2",
        "x": -1268.5,
        "y": -165.5
      },
      {
        "__type__": "cc.Vec2",
        "x": -1347.5,
        "y": -71.5
      },
      {
        "__type__": "cc.Vec2",
        "x": -1372.5,
        "y": -68.5
      },
      {
        "__type__": "cc.Vec2",
        "x": -1641.5,
        "y": -76.5
      },
      {
        "__type__": "cc.Vec2",
        "x": -2033.5,
        "y": -13.5
      },
      {
        "__type__": "cc.Vec2",
        "x": -2140.5,
        "y": 196.5
      },
      {
        "__type__": "cc.Vec2",
        "x": -1992.5,
        "y": 618.5
      },
      {
        "__type__": "cc.Vec2",
        "x": -1666.5,
        "y": 670.5
      },
      {
        "__type__": "cc.Vec2",
        "x": -1127.5,
        "y": 318.5
      },
      {
        "__type__": "cc.Vec2",
        "x": -912.5,
        "y": 351.5
      },
      {
        "__type__": "cc.Vec2",
        "x": -752.5,
        "y": 269.5
      },
      {
        "__type__": "cc.Vec2",
        "x": -798.5,
        "y": 57.5
      },
      {
        "__type__": "cc.Vec2",
        "x": -1006.5,
        "y": -124.5
      },
      {
        "__type__": "cc.Vec2",
        "x": -1094.5,
        "y": -461.5
      },
      {
        "__type__": "cc.Vec2",
        "x": -1026.5,
        "y": -674.5
      },
      {
        "__type__": "cc.Vec2",
        "x": -1020.5,
        "y": -677.5
      },
      {
        "__type__": "cc.Vec2",
        "x": -852.5,
        "y": -704.5
      },
      {
        "__type__": "cc.Vec2",
        "x": -712.5,
        "y": -617.5
      },
      {
        "__type__": "cc.Vec2",
        "x": -536.5,
        "y": -279.5
      },
      {
        "__type__": "cc.Vec2",
        "x": -373.5,
        "y": -193.5
      },
      {
        "__type__": "cc.Vec2",
        "x": -156.5,
        "y": -230.5
      },
      {
        "__type__": "cc.Vec2",
        "x": 160.5,
        "y": -504.5
      },
      {
        "__type__": "cc.Vec2",
        "x": 169.5,
        "y": -504.5
      },
      {
        "__type__": "cc.Vec2",
        "x": 378.5,
        "y": -479.5
      },
      {
        "__type__": "cc.Vec2",
        "x": 679.5,
        "y": -235.5
      },
      {
        "__type__": "cc.Vec2",
        "x": 1491.5,
        "y": 8.5
      },
      {
        "__type__": "cc.Vec2",
        "x": 1794.5,
        "y": -67.5
      },
      {
        "__type__": "cc.Vec2",
        "x": 1879.5,
        "y": -358.5
      },
      {
        "__type__": "cc.Vec2",
        "x": 1716.5,
        "y": -551.5
      },
      {
        "__type__": "cc.Vec2",
        "x": 1299.5,
        "y": -662.5
      },
      {
        "__type__": "cc.Vec2",
        "x": 1346.5,
        "y": -822.5
      },
      {
        "__type__": "cc.Vec2",
        "x": 1565.5,
        "y": -987.5
      },
      {
        "__type__": "cc.Vec2",
        "x": 1660.5,
        "y": -1034.5
      },
      {
        "__type__": "cc.Vec2",
        "x": 2114.5,
        "y": -1038.5
      },
      {
        "__type__": "cc.Vec2",
        "x": 2319.5,
        "y": -890.5
      },
      {
        "__type__": "cc.Vec2",
        "x": 2404.5,
        "y": -551.5
      },
      {
        "__type__": "cc.Vec2",
        "x": 2904.5,
        "y": -389.5
      },
      {
        "__type__": "cc.Vec2",
        "x": 2909.5,
        "y": -244.5
      },
      {
        "__type__": "cc.Vec2",
        "x": 2909.5,
        "y": -226.5
      },
      {
        "__type__": "cc.Vec2",
        "x": 2796.5,
        "y": -141.5
      },
      {
        "__type__": "cc.Vec2",
        "x": 2645.5,
        "y": -137.5
      },
      {
        "__type__": "cc.Vec2",
        "x": 2375.5,
        "y": -139.5
      },
      {
        "__type__": "cc.Vec2",
        "x": 2072.5,
        "y": -93.5
      },
      {
        "__type__": "cc.Vec2",
        "x": 2018.5,
        "y": 92.5
      },
      {
        "__type__": "cc.Vec2",
        "x": 2224.5,
        "y": 274.5
      },
      {
        "__type__": "cc.Vec2",
        "x": 2764.5,
        "y": 335.5
      },
      {
        "__type__": "cc.Vec2",
        "x": 2682.5,
        "y": 556.5
      },
      {
        "__type__": "cc.Vec2",
        "x": 2570.5,
        "y": 637.5
      },
      {
        "__type__": "cc.Vec2",
        "x": 2177.5,
        "y": 622.5
      },
      {
        "__type__": "cc.Vec2",
        "x": 2017.5,
        "y": 861.5
      },
      {
        "__type__": "cc.Vec2",
        "x": 1694.5,
        "y": 766.5
      },
      {
        "__type__": "cc.Vec2",
        "x": 1239.5,
        "y": 780.5
      },
      {
        "__type__": "cc.Vec2",
        "x": 1144.5,
        "y": 663.5
      },
      {
        "__type__": "cc.Vec2",
        "x": 1169.5,
        "y": 435.5
      },
      {
        "__type__": "cc.Vec2",
        "x": 1130.5,
        "y": 145.5
      },
      {
        "__type__": "cc.Vec2",
        "x": 943.5,
        "y": 49.5
      },
      {
        "__type__": "cc.Vec2",
        "x": 346.5,
        "y": 58.5
      },
      {
        "__type__": "cc.Vec2",
        "x": 155.5,
        "y": -10.5
      },
      {
        "__type__": "cc.Vec2",
        "x": -152.5,
        "y": -14.5
      },
      {
        "__type__": "cc.Vec2",
        "x": -436.5,
        "y": 121.5
      },
      {
        "__type__": "cc.Vec2",
        "x": -455.5,
        "y": 495.5
      },
      {
        "__type__": "cc.Vec2",
        "x": -228.5,
        "y": 561.5
      },
      {
        "__type__": "cc.Vec2",
        "x": -231.5,
        "y": 681.5
      },
      {
        "__type__": "cc.Vec2",
        "x": -371.5,
        "y": 808.5
      },
      {
        "__type__": "cc.Vec2",
        "x": -640.5,
        "y": 870.5
      },
      {
        "__type__": "cc.Vec2",
        "x": -1055.5,
        "y": 827.5
      }
    ],
    "_id": "f1wl8X/vxKvKps6QvCAvgl"
  },
  {
    "__type__": "cc.Node",
    "_name": "float_island_4",
    "_objFlags": 0,
    "_parent": {
      "__id__": 5
    },
    "_children": [],
    "_active": true,
    "_components": [
      {
        "__id__": 23
      },
      {
        "__id__": 24
      },
      {
        "__id__": 25
      }
    ],
    "_prefab": null,
    "_opacity": 255,
    "_color": {
      "__type__": "cc.Color",
      "r": 255,
      "g": 255,
      "b": 255,
      "a": 255
    },
    "_contentSize": {
      "__type__": "cc.Size",
      "width": 704,
      "height": 375
    },
    "_anchorPoint": {
      "__type__": "cc.Vec2",
      "x": 0.5,
      "y": 0.5
    },
    "_trs": {
      "__type__": "TypedArray",
      "ctor": "Float64Array",
      "array": [
        8444.011,
        5289.639,
        0,
        0,
        0,
        0,
        1,
        1,
        1,
        1
      ]
    },
    "_eulerAngles": {
      "__type__": "cc.Vec3",
      "x": 0,
      "y": 0,
      "z": 0
    },
    "_skewX": 0,
    "_skewY": 0,
    "_is3DNode": false,
    "_groupIndex": 0,
    "groupIndex": 0,
    "_id": "acQGvNpVBKyLpaNfLBp7GV"
  },
  {
    "__type__": "cc.Sprite",
    "_name": "",
    "_objFlags": 0,
    "node": {
      "__id__": 22
    },
    "_enabled": true,
    "_materials": [
      {
        "__uuid__": "eca5d2f2-8ef6-41c2-bbe6-f9c79d09c432"
      }
    ],
    "_srcBlendFactor": 770,
    "_dstBlendFactor": 771,
    "_spriteFrame": {
      "__uuid__": "aa0b9af5-2cbf-44d1-bad2-a913d022976a"
    },
    "_type": 0,
    "_sizeMode": 1,
    "_fillType": 0,
    "_fillCenter": {
      "__type__": "cc.Vec2",
      "x": 0,
      "y": 0
    },
    "_fillStart": 0,
    "_fillRange": 0,
    "_isTrimmedMode": true,
    "_atlas": null,
    "_id": "84ypCTQ4REEoqEBBw1TNLb"
  },
  {
    "__type__": "cc.RigidBody",
    "_name": "",
    "_objFlags": 0,
    "node": {
      "__id__": 22
    },
    "_enabled": true,
    "_type": 0,
    "_allowSleep": true,
    "_gravityScale": 1,
    "_linearDamping": 0,
    "_angularDamping": 0,
    "_linearVelocity": {
      "__type__": "cc.Vec2",
      "x": 0,
      "y": 0
    },
    "_angularVelocity": 0,
    "_fixedRotation": false,
    "enabledContactListener": true,
    "bullet": false,
    "awakeOnLoad": true,
    "_id": "3cm9vaflhAFL36vud8ZUkN"
  },
  {
    "__type__": "cc.PhysicsPolygonCollider",
    "_name": "",
    "_objFlags": 0,
    "node": {
      "__id__": 22
    },
    "_enabled": true,
    "tag": 0,
    "_density": 1,
    "_sensor": false,
    "_friction": 0.2,
    "_restitution": 0,
    "body": null,
    "_offset": {
      "__type__": "cc.Vec2",
      "x": 0,
      "y": 0
    },
    "points": [
      {
        "__type__": "cc.Vec2",
        "x": 222,
        "y": 187.5
      },
      {
        "__type__": "cc.Vec2",
        "x": -295,
        "y": 173.5
      },
      {
        "__type__": "cc.Vec2",
        "x": -352,
        "y": -33.5
      },
      {
        "__type__": "cc.Vec2",
        "x": -197,
        "y": -177.5
      },
      {
        "__type__": "cc.Vec2",
        "x": 29,
        "y": -187.5
      },
      {
        "__type__": "cc.Vec2",
        "x": 154,
        "y": -69.5
      },
      {
        "__type__": "cc.Vec2",
        "x": 344,
        "y": 43.5
      },
      {
        "__type__": "cc.Vec2",
        "x": 352,
        "y": 153.5
      },
      {
        "__type__": "cc.Vec2",
        "x": 260,
        "y": 187.5
      }
    ],
    "_id": "8czsr29flNaLZPA1vdfMGG"
  },
  {
    "__type__": "cc.Node",
    "_name": "float_island_5",
    "_objFlags": 0,
    "_parent": {
      "__id__": 5
    },
    "_children": [],
    "_active": true,
    "_components": [
      {
        "__id__": 27
      },
      {
        "__id__": 28
      },
      {
        "__id__": 29
      }
    ],
    "_prefab": null,
    "_opacity": 255,
    "_color": {
      "__type__": "cc.Color",
      "r": 255,
      "g": 255,
      "b": 255,
      "a": 255
    },
    "_contentSize": {
      "__type__": "cc.Size",
      "width": 2757,
      "height": 744
    },
    "_anchorPoint": {
      "__type__": "cc.Vec2",
      "x": 0.5,
      "y": 0.5
    },
    "_trs": {
      "__type__": "TypedArray",
      "ctor": "Float64Array",
      "array": [
        7246.968,
        3639.66,
        0,
        0,
        0,
        0,
        1,
        1,
        1,
        1
      ]
    },
    "_eulerAngles": {
      "__type__": "cc.Vec3",
      "x": 0,
      "y": 0,
      "z": 0
    },
    "_skewX": 0,
    "_skewY": 0,
    "_is3DNode": false,
    "_groupIndex": 0,
    "groupIndex": 0,
    "_id": "b6wnEufRZGOoyGLyMyOQ6q"
  },
  {
    "__type__": "cc.Sprite",
    "_name": "",
    "_objFlags": 0,
    "node": {
      "__id__": 26
    },
    "_enabled": true,
    "_materials": [
      {
        "__uuid__": "eca5d2f2-8ef6-41c2-bbe6-f9c79d09c432"
      }
    ],
    "_srcBlendFactor": 770,
    "_dstBlendFactor": 771,
    "_spriteFrame": {
      "__uuid__": "76bf6e19-8f9c-402a-8cb3-4261c457e1a1"
    },
    "_type": 0,
    "_sizeMode": 1,
    "_fillType": 0,
    "_fillCenter": {
      "__type__": "cc.Vec2",
      "x": 0,
      "y": 0
    },
    "_fillStart": 0,
    "_fillRange": 0,
    "_isTrimmedMode": true,
    "_atlas": null,
    "_id": "f8O/uQJiFJUb/R1SfB8+q1"
  },
  {
    "__type__": "cc.RigidBody",
    "_name": "",
    "_objFlags": 0,
    "node": {
      "__id__": 26
    },
    "_enabled": true,
    "_type": 0,
    "_allowSleep": true,
    "_gravityScale": 1,
    "_linearDamping": 0,
    "_angularDamping": 0,
    "_linearVelocity": {
      "__type__": "cc.Vec2",
      "x": 0,
      "y": 0
    },
    "_angularVelocity": 0,
    "_fixedRotation": false,
    "enabledContactListener": true,
    "bullet": false,
    "awakeOnLoad": true,
    "_id": "c8m/rlVu1Pxp4TAN15lsrq"
  },
  {
    "__type__": "cc.PhysicsPolygonCollider",
    "_name": "",
    "_objFlags": 0,
    "node": {
      "__id__": 26
    },
    "_enabled": true,
    "tag": 0,
    "_density": 1,
    "_sensor": false,
    "_friction": 0.2,
    "_restitution": 0,
    "body": null,
    "_offset": {
      "__type__": "cc.Vec2",
      "x": 0,
      "y": 0
    },
    "points": [
      {
        "__type__": "cc.Vec2",
        "x": 1165.5,
        "y": 372
      },
      {
        "__type__": "cc.Vec2",
        "x": 858.5,
        "y": 354
      },
      {
        "__type__": "cc.Vec2",
        "x": 514.5,
        "y": 323
      },
      {
        "__type__": "cc.Vec2",
        "x": -144.5,
        "y": 354
      },
      {
        "__type__": "cc.Vec2",
        "x": -903.5,
        "y": 131
      },
      {
        "__type__": "cc.Vec2",
        "x": -1378.5,
        "y": 155
      },
      {
        "__type__": "cc.Vec2",
        "x": -1242.5,
        "y": -54
      },
      {
        "__type__": "cc.Vec2",
        "x": -798.5,
        "y": -169
      },
      {
        "__type__": "cc.Vec2",
        "x": -358.5,
        "y": -372
      },
      {
        "__type__": "cc.Vec2",
        "x": 48.5,
        "y": -303
      },
      {
        "__type__": "cc.Vec2",
        "x": 826.5,
        "y": -74
      },
      {
        "__type__": "cc.Vec2",
        "x": 1336.5,
        "y": 129
      },
      {
        "__type__": "cc.Vec2",
        "x": 1340.5,
        "y": 131
      },
      {
        "__type__": "cc.Vec2",
        "x": 1378.5,
        "y": 266
      },
      {
        "__type__": "cc.Vec2",
        "x": 1181.5,
        "y": 372
      }
    ],
    "_id": "e7ALghoaxCsa7XREu8Q6Ez"
  },
  {
    "__type__": "cc.Node",
    "_name": "float_island_6",
    "_objFlags": 0,
    "_parent": {
      "__id__": 5
    },
    "_children": [],
    "_active": true,
    "_components": [
      {
        "__id__": 31
      },
      {
        "__id__": 32
      },
      {
        "__id__": 33
      }
    ],
    "_prefab": null,
    "_opacity": 255,
    "_color": {
      "__type__": "cc.Color",
      "r": 255,
      "g": 255,
      "b": 255,
      "a": 255
    },
    "_contentSize": {
      "__type__": "cc.Size",
      "width": 911,
      "height": 465
    },
    "_anchorPoint": {
      "__type__": "cc.Vec2",
      "x": 0.5,
      "y": 0.5
    },
    "_trs": {
      "__type__": "TypedArray",
      "ctor": "Float64Array",
      "array": [
        5111.7,
        3445.545,
        0,
        0,
        0,
        0,
        1,
        1,
        1,
        1
      ]
    },
    "_eulerAngles": {
      "__type__": "cc.Vec3",
      "x": 0,
      "y": 0,
      "z": 0
    },
    "_skewX": 0,
    "_skewY": 0,
    "_is3DNode": false,
    "_groupIndex": 0,
    "groupIndex": 0,
    "_id": "b5mI2KOSlLTZzhcEjXoyHj"
  },
  {
    "__type__": "cc.Sprite",
    "_name": "",
    "_objFlags": 0,
    "node": {
      "__id__": 30
    },
    "_enabled": true,
    "_materials": [
      {
        "__uuid__": "eca5d2f2-8ef6-41c2-bbe6-f9c79d09c432"
      }
    ],
    "_srcBlendFactor": 770,
    "_dstBlendFactor": 771,
    "_spriteFrame": {
      "__uuid__": "31faf5c1-b511-4e37-b28e-38f58196a774"
    },
    "_type": 0,
    "_sizeMode": 1,
    "_fillType": 0,
    "_fillCenter": {
      "__type__": "cc.Vec2",
      "x": 0,
      "y": 0
    },
    "_fillStart": 0,
    "_fillRange": 0,
    "_isTrimmedMode": true,
    "_atlas": null,
    "_id": "70Wgrc79hCp5ef2IFU4DTk"
  },
  {
    "__type__": "cc.RigidBody",
    "_name": "",
    "_objFlags": 0,
    "node": {
      "__id__": 30
    },
    "_enabled": true,
    "_type": 0,
    "_allowSleep": true,
    "_gravityScale": 1,
    "_linearDamping": 0,
    "_angularDamping": 0,
    "_linearVelocity": {
      "__type__": "cc.Vec2",
      "x": 0,
      "y": 0
    },
    "_angularVelocity": 0,
    "_fixedRotation": false,
    "enabledContactListener": true,
    "bullet": false,
    "awakeOnLoad": true,
    "_id": "99k7DmP2xFa5+EMFAhjAW7"
  },
  {
    "__type__": "cc.PhysicsPolygonCollider",
    "_name": "",
    "_objFlags": 0,
    "node": {
      "__id__": 30
    },
    "_enabled": true,
    "tag": 0,
    "_density": 1,
    "_sensor": false,
    "_friction": 0.2,
    "_restitution": 0,
    "body": null,
    "_offset": {
      "__type__": "cc.Vec2",
      "x": 0,
      "y": 0
    },
    "points": [
      {
        "__type__": "cc.Vec2",
        "x": 347.5,
        "y": 232.5
      },
      {
        "__type__": "cc.Vec2",
        "x": -157.5,
        "y": 189.5
      },
      {
        "__type__": "cc.Vec2",
        "x": -412.5,
        "y": 32.5
      },
      {
        "__type__": "cc.Vec2",
        "x": -455.5,
        "y": -140.5
      },
      {
        "__type__": "cc.Vec2",
        "x": -454.5,
        "y": -147.5
      },
      {
        "__type__": "cc.Vec2",
        "x": -359.5,
        "y": -232.5
      },
      {
        "__type__": "cc.Vec2",
        "x": 168.5,
        "y": -201.5
      },
      {
        "__type__": "cc.Vec2",
        "x": 451.5,
        "y": -77.5
      },
      {
        "__type__": "cc.Vec2",
        "x": 455.5,
        "y": -75.5
      },
      {
        "__type__": "cc.Vec2",
        "x": 453.5,
        "y": -64.5
      },
      {
        "__type__": "cc.Vec2",
        "x": 358.5,
        "y": 230.5
      }
    ],
    "_id": "3cSobvvvVBlo+ecgUg+7BJ"
  },
  {
    "__type__": "cc.Node",
    "_name": "float_island_7",
    "_objFlags": 0,
    "_parent": {
      "__id__": 5
    },
    "_children": [],
    "_active": true,
    "_components": [
      {
        "__id__": 35
      },
      {
        "__id__": 36
      },
      {
        "__id__": 37
      }
    ],
    "_prefab": null,
    "_opacity": 255,
    "_color": {
      "__type__": "cc.Color",
      "r": 255,
      "g": 255,
      "b": 255,
      "a": 255
    },
    "_contentSize": {
      "__type__": "cc.Size",
      "width": 1840,
      "height": 1219
    },
    "_anchorPoint": {
      "__type__": "cc.Vec2",
      "x": 0.5,
      "y": 0.5
    },
    "_trs": {
      "__type__": "TypedArray",
      "ctor": "Float64Array",
      "array": [
        2474.969,
        2054.386,
        0,
        0,
        0,
        0,
        1,
        1,
        1,
        1
      ]
    },
    "_eulerAngles": {
      "__type__": "cc.Vec3",
      "x": 0,
      "y": 0,
      "z": 0
    },
    "_skewX": 0,
    "_skewY": 0,
    "_is3DNode": false,
    "_groupIndex": 0,
    "groupIndex": 0,
    "_id": "05v8S1gXVB6J1ZT1kubjFt"
  },
  {
    "__type__": "cc.Sprite",
    "_name": "",
    "_objFlags": 0,
    "node": {
      "__id__": 34
    },
    "_enabled": true,
    "_materials": [
      {
        "__uuid__": "eca5d2f2-8ef6-41c2-bbe6-f9c79d09c432"
      }
    ],
    "_srcBlendFactor": 770,
    "_dstBlendFactor": 771,
    "_spriteFrame": {
      "__uuid__": "871de515-b42c-42fb-a257-b171e590e501"
    },
    "_type": 0,
    "_sizeMode": 1,
    "_fillType": 0,
    "_fillCenter": {
      "__type__": "cc.Vec2",
      "x": 0,
      "y": 0
    },
    "_fillStart": 0,
    "_fillRange": 0,
    "_isTrimmedMode": true,
    "_atlas": null,
    "_id": "d1X9u1yOlOSpxn5hna4/hH"
  },
  {
    "__type__": "cc.RigidBody",
    "_name": "",
    "_objFlags": 0,
    "node": {
      "__id__": 34
    },
    "_enabled": true,
    "_type": 0,
    "_allowSleep": true,
    "_gravityScale": 1,
    "_linearDamping": 0,
    "_angularDamping": 0,
    "_linearVelocity": {
      "__type__": "cc.Vec2",
      "x": 0,
      "y": 0
    },
    "_angularVelocity": 0,
    "_fixedRotation": false,
    "enabledContactListener": true,
    "bullet": false,
    "awakeOnLoad": true,
    "_id": "8drqoT64pNYZrrgSkm7i3S"
  },
  {
    "__type__": "cc.PhysicsPolygonCollider",
    "_name": "",
    "_objFlags": 0,
    "node": {
      "__id__": 34
    },
    "_enabled": true,
    "tag": 0,
    "_density": 1,
    "_sensor": false,
    "_friction": 0.2,
    "_restitution": 0,
    "body": null,
    "_offset": {
      "__type__": "cc.Vec2",
      "x": 0,
      "y": 0
    },
    "points": [
      {
        "__type__": "cc.Vec2",
        "x": 373,
        "y": 609.5
      },
      {
        "__type__": "cc.Vec2",
        "x": 184,
        "y": 540.5
      },
      {
        "__type__": "cc.Vec2",
        "x": 23,
        "y": 237.5
      },
      {
        "__type__": "cc.Vec2",
        "x": -468,
        "y": 128.5
      },
      {
        "__type__": "cc.Vec2",
        "x": -820,
        "y": 137.5
      },
      {
        "__type__": "cc.Vec2",
        "x": -920,
        "y": 72.5
      },
      {
        "__type__": "cc.Vec2",
        "x": -786,
        "y": -195.5
      },
      {
        "__type__": "cc.Vec2",
        "x": -581,
        "y": -558.5
      },
      {
        "__type__": "cc.Vec2",
        "x": -248,
        "y": -609.5
      },
      {
        "__type__": "cc.Vec2",
        "x": -31,
        "y": -596.5
      },
      {
        "__type__": "cc.Vec2",
        "x": 169,
        "y": -261.5
      },
      {
        "__type__": "cc.Vec2",
        "x": 380,
        "y": -51.5
      },
      {
        "__type__": "cc.Vec2",
        "x": 702,
        "y": -147.5
      },
      {
        "__type__": "cc.Vec2",
        "x": 920,
        "y": -72.5
      },
      {
        "__type__": "cc.Vec2",
        "x": 877,
        "y": 320.5
      },
      {
        "__type__": "cc.Vec2",
        "x": 669,
        "y": 526.5
      }
    ],
    "_id": "77TaCeXN1M34wy1dpV2VXU"
  },
  {
    "__type__": "cc.Node",
    "_name": "float_island_8",
    "_objFlags": 0,
    "_parent": {
      "__id__": 5
    },
    "_children": [],
    "_active": true,
    "_components": [
      {
        "__id__": 39
      },
      {
        "__id__": 40
      },
      {
        "__id__": 41
      }
    ],
    "_prefab": null,
    "_opacity": 255,
    "_color": {
      "__type__": "cc.Color",
      "r": 255,
      "g": 255,
      "b": 255,
      "a": 255
    },
    "_contentSize": {
      "__type__": "cc.Size",
      "width": 2471,
      "height": 933
    },
    "_anchorPoint": {
      "__type__": "cc.Vec2",
      "x": 0.5,
      "y": 0.5
    },
    "_trs": {
      "__type__": "TypedArray",
      "ctor": "Float64Array",
      "array": [
        8379.306,
        1520.569,
        0,
        0,
        0,
        0,
        1,
        1,
        1,
        1
      ]
    },
    "_eulerAngles": {
      "__type__": "cc.Vec3",
      "x": 0,
      "y": 0,
      "z": 0
    },
    "_skewX": 0,
    "_skewY": 0,
    "_is3DNode": false,
    "_groupIndex": 0,
    "groupIndex": 0,
    "_id": "0aU9kegIpEA5i5BH5IPa21"
  },
  {
    "__type__": "cc.Sprite",
    "_name": "",
    "_objFlags": 0,
    "node": {
      "__id__": 38
    },
    "_enabled": true,
    "_materials": [
      {
        "__uuid__": "eca5d2f2-8ef6-41c2-bbe6-f9c79d09c432"
      }
    ],
    "_srcBlendFactor": 770,
    "_dstBlendFactor": 771,
    "_spriteFrame": {
      "__uuid__": "966969d5-e0ce-4d78-96c2-f382e688a74e"
    },
    "_type": 0,
    "_sizeMode": 1,
    "_fillType": 0,
    "_fillCenter": {
      "__type__": "cc.Vec2",
      "x": 0,
      "y": 0
    },
    "_fillStart": 0,
    "_fillRange": 0,
    "_isTrimmedMode": true,
    "_atlas": null,
    "_id": "01la4kLW9JgL9AwDsbUPn2"
  },
  {
    "__type__": "cc.RigidBody",
    "_name": "",
    "_objFlags": 0,
    "node": {
      "__id__": 38
    },
    "_enabled": true,
    "_type": 0,
    "_allowSleep": true,
    "_gravityScale": 1,
    "_linearDamping": 0,
    "_angularDamping": 0,
    "_linearVelocity": {
      "__type__": "cc.Vec2",
      "x": 0,
      "y": 0
    },
    "_angularVelocity": 0,
    "_fixedRotation": false,
    "enabledContactListener": true,
    "bullet": false,
    "awakeOnLoad": true,
    "_id": "5dYFJH4+9J/YhokhrPvbcm"
  },
  {
    "__type__": "cc.PhysicsPolygonCollider",
    "_name": "",
    "_objFlags": 0,
    "node": {
      "__id__": 38
    },
    "_enabled": true,
    "tag": 0,
    "_density": 1,
    "_sensor": false,
    "_friction": 0.2,
    "_restitution": 0,
    "body": null,
    "_offset": {
      "__type__": "cc.Vec2",
      "x": 0,
      "y": 0
    },
    "points": [
      {
        "__type__": "cc.Vec2",
        "x": 1082.5,
        "y": 466.5
      },
      {
        "__type__": "cc.Vec2",
        "x": 371.5,
        "y": 410.5
      },
      {
        "__type__": "cc.Vec2",
        "x": -150.5,
        "y": 257.5
      },
      {
        "__type__": "cc.Vec2",
        "x": -443.5,
        "y": 316.5
      },
      {
        "__type__": "cc.Vec2",
        "x": -918.5,
        "y": 165.5
      },
      {
        "__type__": "cc.Vec2",
        "x": -1207.5,
        "y": 164.5
      },
      {
        "__type__": "cc.Vec2",
        "x": -1235.5,
        "y": 74.5
      },
      {
        "__type__": "cc.Vec2",
        "x": -898.5,
        "y": -130.5
      },
      {
        "__type__": "cc.Vec2",
        "x": -388.5,
        "y": -242.5
      },
      {
        "__type__": "cc.Vec2",
        "x": -141.5,
        "y": -445.5
      },
      {
        "__type__": "cc.Vec2",
        "x": 369.5,
        "y": -466.5
      },
      {
        "__type__": "cc.Vec2",
        "x": 613.5,
        "y": -322.5
      },
      {
        "__type__": "cc.Vec2",
        "x": 944.5,
        "y": 94.5
      },
      {
        "__type__": "cc.Vec2",
        "x": 1235.5,
        "y": 256.5
      },
      {
        "__type__": "cc.Vec2",
        "x": 1220.5,
        "y": 376.5
      }
    ],
    "_id": "474kqoy8FG3ZfJc1D2YDly"
  },
  {
    "__type__": "cc.Canvas",
    "_name": "",
    "_objFlags": 0,
    "node": {
      "__id__": 2
    },
    "_enabled": true,
    "_designResolution": {
      "__type__": "cc.Size",
      "width": 960,
      "height": 640
    },
    "_fitWidth": false,
    "_fitHeight": true,
    "_id": "588RMWwFxFKb9ltdmDDQ7C"
  }
]